% This file was created with JabRef 2.6.
% Encoding: UTF8

@BOOK{Baldus,
  title = {Staatshaftungsrecht},
  year = {2009},
  author = {Manfred Baldus and Bernd Grzeszick and Sigrid Wienhues},
  address = {Heidelberg},
  edition = {3},
  publisher = {C.F. Müller},
  shortauthor = {Baldus/Grzeszick/Wienhues},
  shorttitle = {Staatshaftungsrecht},
  subtitle = {Das Recht der öffentlichen Ersatzleistungen}
}

@BOOK{BPolGKommentar,
  title = {Bundespolizeigesetz - BPolG},
  year = {2006},
  author = {Karl-Heinz Blümel and Michael Drewes and Karl Malmberg and Bernd
	Walter},
  address = {Stuttgart},
  edition = {3},
  publisher = {Richard Boorberg Verlag},
  shortauthor = {Blümel/Drewes/Malmberg/Walter},
  shorttitle = {BPolG},
  subtitle = {Zwangsanwendung nach Bundesrecht. VwVG/UZwG}
}

@BOOK{detterbeckVerwR,
  title = {Allgemeines Verwaltungsrecht},
  year = {2010},
  author = {Steffen Detterbeck},
  address = {München},
  edition = {8},
  publisher = {C.H. Beck},
  shortauthor = {Detterbeck},
  shorttitle = {VerwR},
  subtitle = {mit Verwaltungsprozessrecht}
}

@BOOK{DetterbeckStaatshaftung,
  title = {Staatshaftungsrecht},
  year = {2000},
  author = {Steffen Detterbeck and Kay Windthorst and Hans-Dieter Sproll},
  address = {München},
  publisher = {C.H. Beck},
  shortauthor = {Detterbeck/Windthorst/Sproll}
}

@BOOK{DietelGintzelKniesel,
  title = {Versammlungsgesetz},
  year = {2011},
  author = {Alfred Dietel and Kurt Gintzel and Michael Kniesel},
  address = {München},
  edition = {16},
  publisher = {Carl Heymanns Verlag},
  shortauthor = {Dietel/Gintzel/Kniesel},
  shorttitle = {VersG Kommentar},
  subtitle = {Kommentar zum Gesetz über Versammlungen und Aufzüge}
}

@BOOK{DreierGG1,
  title = {Grundgesetz},
  year = {2004},
  author = {Horst Dreier},
  volume = {1},
  address = {Tübingen},
  edition = {2},
  publisher = {Mohr Siebeck},
  shortauthor = {H. Dreier},
  shorttitle = {GG-Kommentar},
  subtitle = {Kommentar. Präambel, Artikel 1-19}
}

@BOOK{Gusy,
  title = {Polizeirecht},
  year = {2009},
  author = {Cristoph Gusy},
  address = {Tübingen},
  edition = {7},
  publisher = {Mohr Siebeck},
  shortauthor = {Gusy},
  shorttitle = {PolizeiR}
}

@BOOK{Goetz,
  title = {Allgemeines Polizei- und Ordnungsrecht},
  year = {2008},
  author = {Volkmar Götz},
  address = {München},
  edition = {14},
  publisher = {C.H. Beck},
  shortauthor = {Götz},
  shorttitle = {PolizeiR}
}

@BOOK{MusterentwurfPolizeigesetz,
  title = {Musterentwurf eines einheitlichen Polizeigesetzes},
  year = {1976},
  author = {Gerd Heise and Reinhard Riegel},
  address = {Stuttgart and München and Hannover},
  edition = {2},
  publisher = {Richard Boorberg Verlag},
  shortauthor = {Heise/Riegel},
  subtitle = {mit Begründung und Anmerkungen}
}

@BOOK{HornmannHSOG,
  title = {Hessisches Gesetz über die öffentliche Sicherheit und Ordnung (HSOG).
	Kommentar},
  year = {2008},
  author = {Gerhard Hornmann},
  address = {München},
  edition = {2},
  publisher = {C.H. Beck},
  shorttitle = {HSOG}
}

@BOOK{Knemeyer,
  title = {Polizei- und Ordnungsrecht},
  year = {2007},
  author = {Franz-Ludwig Knemeyer},
  address = {München},
  edition = {11},
  publisher = {C.H. Beck},
  shortauthor = {Knemeyer},
  shorttitle = {PolizeiR},
  subtitle = {Lehr- und Arbeitsbuch mit Anleitungen für die Klausur}
}

@BOOK{Kreft,
  title = {Öffentlich-rechtliche Ersatzleistungen},
  year = {1998},
  author = {Friedrich Kreft},
  address = {Berlin and New York},
  edition = {2},
  publisher = {Walter de Gruyter},
  shortauthor = {Kreft},
  subtitle = {Eigentum, Enteignung, Entschädigung}
}

@BOOK{MeixnerFriedrich,
  title = {Hessisches Gesetz über die öffentliche Sicherheit und Ordnung.HSOG.
	mit Erläuterungen und ergänzenden Vorschriften},
  year = {2010},
  author = {Kurt Meixner and Dirk Fredrich},
  address = {Stuttgart [u.A.]},
  edition = {11},
  publisher = {Richard Boorberg Verlag},
  shorttitle = {HSOG}
}

@BOOK{MuehlLeggereitHausmann,
  title = {Polizei- und Ordnungsrecht Hessen},
  year = {2010},
  author = {Lothar Mühl and Rainer Leggereit and Winfried Hausmann},
  address = {Baden-Baden},
  edition = {3},
  publisher = {Nomos},
  shortauthor = {Mühl/Leggereit/Hausmann}
}

@BOOK{Ossenbuehl,
  title = {Staatshaftungsrecht},
  year = {1998},
  author = {Fritz Ossenbühl},
  address = {München},
  edition = {5},
  publisher = {C.H. Beck},
  shortauthor = {Ossenbühl}
}

@BOOK{PierothSchlinkGG,
  title = {Grundrechte Staatsrecht II},
  year = {2010},
  author = {Bodo Pieroth and Bernhard Schlink},
  address = {Heidelberg},
  publisher = {C.F. Müller},
  shortauthor = {Pieroth/Schlink},
  shorttitle = {Grundrechte}
}

@BOOK{PierothSchlinkPolizei,
  title = {Polizei- und Ordnungsrecht. mit Versammlungsrecht},
  year = {2010},
  author = {Bodo Pieroth and Bernhard Schlink and Michael Kniesel},
  address = {München},
  edition = {6},
  publisher = {C.H. Beck},
  shortauthor = {Pieroth/Schlink/Kniesel},
  shorttitle = {PolizeiR}
}

@BOOK{Pommer,
  title = {Bahnreform und Enteignung},
  year = {2002},
  author = {Sophia Pommer},
  address = {Berlin},
  publisher = {Duncker \& Humblot},
  subtitle = {Die Rückkehr der privatbegünstigenden Enteignung im Eisenbahnwesen}
}

@ARTICLE{PoscherNVwZ,
  author = {Ralf Poscher},
  title = {Der Gefahrverdacht. Das ungelöste Problem der Polizeirechtsdogmatik},
  journal = {NVwZ},
  year = {2001},
  pages = {141-147},
  shorttitle = {NVwZ 2001, 141}
}

@ARTICLE{RumpfNVwZ1992,
  author = {Olav Rumpf},
  title = {Neuauflage einer generellen Staatshaftung in Hessen durch das novellierte
	Hessische Gesetz über die öffentliche Sicherheit und Ordnung?},
  journal = {NVwZ},
  year = {1992},
  pages = {250-252},
  shorttitle = {NVwZ 1992, 250}
}

@BOOK{Schenke,
  title = {Polizei- und Ordnungsrecht},
  year = {2009},
  author = {Wolf-Rüdiger Schenke},
  address = {Heidelberg},
  edition = {6},
  publisher = {C.F. Müller},
  shortauthor = {Schenke},
  shorttitle = {PolizeiR}
}

@BOOK{Staudinger254,
  title = {J. von Staudingers Kommentar zum Bürgerlichen Gesetzbuch mit Einführungsgesetz
	und Nebengesetzen},
  year = {2005},
  author = {Gottfried Schiemann},
  address = {Berlin},
  edition = {Neubearbeitung},
  publisher = {Sellier - de Gruyter},
  shortauthor = {Schiemann},
  shorttitle = {Staudinger},
  subtitle = {Buch 2. Recht der Schuldverhältnisse §§ 249-254 (Schadensersatzrecht)}
}

@ARTICLE{schnurVR2000,
  author = {Reinhold Schnur},
  title = {Minusmaßnahmen gegen Versammlungsteilnehmer},
  journal = {VR},
  year = {2000},
  pages = {114-121},
  shorttitle = {VR 2000, 114}
}

@BOOK{Schulze,
  title = {Das Recht der öffentlichen Ersatzleistungen},
  year = {2008},
  author = {Carola Schulze},
  address = {Münster},
  publisher = {Lit Verlag},
  shortauthor = {Schulze},
  subtitle = {Eine Einführung}
}

@ARTICLE{schwabeDesaster,
  author = {Jürgen Schwabe},
  title = {Desaster im Versammlungsrecht: Zwei irreführende Kammerentscheidungen
	des Bundesverfassungsgerichts},
  journal = {DÖV},
  year = {2010},
  pages = {720-725},
  shorttitle = {DÖV 2010, 720}
}

@BOOK{Schwaeble,
  title = {Das Grundrecht der Versammlungsfreiheit},
  year = {1975},
  author = {Ulrich Schwäble},
  address = {Berlin},
  publisher = {Duncker \& Humblot},
  shortauthor = {Schwäble},
  shorttitle = {Versammlungsfreiheit},
  subtitle = {(Art. 8 GG)}
}

@BOOK{Steinberg,
  title = {Aufopferung - Enteignung und Staatshaftung},
  year = {1991},
  author = {Rudolf Steinberg and Andreas Lubberger},
  address = {Baden-Baden},
  publisher = {Nomos},
  shortauthor = {Steinberg/Lubberger}
}

@BOOK{Ehlers,
  title = {Allgemeines Verwaltungsrecht},
  year = {2010},
  editor = {Hans-Uwe Erichsen and Dirk Ehlers},
  address = {Berlin and New York},
  edition = {14},
  publisher = {Walter de Gruyter},
  shortauthor = {Erichsen/Ehlers},
  shorttitle = {AllgVerwR}
}

@BOOK{Knack,
  title = {Verwaltungsverfahrensgesetz},
  year = {2010},
  editor = {Hans Joachim Knack and Hans-Günther Henneke},
  address = {Köln [u.A.]},
  edition = {9},
  publisher = {Carl Heymanns Verlag},
  shortauthor = {Knack/Henneke},
  shorttitle = {VwVfG},
  subtitle = {Kommentar}
}

@BOOK{HandbuchPolizeirecht,
  title = {Handbuch des Polizeirechts},
  year = {2007},
  editor = {Hans Lisken and Erhard Denninger},
  address = {München},
  edition = {4},
  publisher = {C.H. Beck},
  shortauthor = {Lisken/Dellinger},
  shorttitle = {Hdb. PolizeiR},
  subtitle = {Gefahrenabwehr, Strafverfolgung, Rechtsschutz}
}

@BOOK{MuenchKunig1,
  title = {Grundgesetz-Kommentar},
  year = {2000},
  editor = {Ingo von Münch and Philip Kunig},
  volume = {1},
  address = {München},
  edition = {5},
  publisher = {C.H. Beck},
  shortauthor = {Münch/Kunig},
  shorttitle = {GG-Kommentar},
  subtitle = {Präambel. Art. 1-19}
}

@comment{jabref-meta: selector_publisher:}

@comment{jabref-meta: selector_author:}

@comment{jabref-meta: selector_journal:}

@comment{jabref-meta: selector_keywords:}

